@Book{xie2015,
  title = {Dynamic Documents with {R} and knitr},
  author = {Yihui Xie},
  publisher = {Chapman and Hall/CRC},
  address = {Boca Raton, Florida},
  year = {2015},
  edition = {2nd},
  note = {ISBN 978-1498716963},
  url = {http://yihui.org/knitr/},
}
@Book{kang2016you,
  title = {{R}을 활용한 선형회귀분석},
  author = {강근석 and 유형조},
  publisher = {교우사},
  year = {2016},
  edition = {1st},
  note = {9791125101505},
  url = {https://github.com/regbook/regbook},
}

@book{pinheiro2006mixed,
  title={Mixed-effects models in S and S-PLUS},
  author={Pinheiro, Jos{\'e} and Bates, Douglas},
  year={2006},
  publisher={Springer Science \& Business Media}
}
@book{fox2018r,
  title={An R companion to applied regression},
  author={Fox, John and Weisberg, Sanford},
  year={2018},
  publisher={Sage publications}
}
@article{nelder1972generalized,
  title={Generalized linear models},
  author={Nelder, John Ashworth and Wedderburn, Robert WM},
  journal={Journal of the Royal Statistical Society: Series A (General)},
  volume={135},
  number={3},
  pages={370--384},
  year={1972},
  publisher={Wiley Online Library}
}
@book{searle2001generalized,
  title={Generalized, linear and mixed models},
  author={Searle, Shayle Robert and McCulloch, Charles E},
  year={2001},
  publisher={Wiley}
}
@book{faraway2016extending,
  title={Extending the linear model with R: generalized linear, mixed effects and nonparametric regression models},
  author={Faraway, Julian J},
  year={2016},
  publisher={Chapman and Hall/CRC}
}